@article{Bizare+heath+Berners-Lee,
	Author = {Bizare, C. and Heath, T. and Berners-Lee, T.},
	Title = {Linked Data - The Story So Far},
	Url = {http://tomheath.com/papers/bizer-heath-berners-lee-ijswis-linked-data.pdf},
	Year = {2009}
    }
    
@masterthesis{Tolarance_study,
	Author = {Fiona Fui-Hoon Nah},
    Title = {A study on tolerable waiting time: how long are Web users willing to wait?},
    School = {University of Nebraska-Lincoln},
    Url = {http://sighci.org/uploads/published_papers/bit04/BIT_Nah.pdf},
    Year = {2011}
}    
    
@article{Guha+Brickey+McBride,
	Author = {Guha R. V. and Brickey D. and McBride B.},
	Title = {RDF Schema 1.1},
	Url = {https://www.w3.org/TR/rdf-schema/},
	Year = {2014}
    }
   
@article{RDF_doc,
	Author = {Klyne, G. and Carroll, J. J. and McBride B.},
    Title = {RDF 1.1 Concepts and Abstract Syntax},
    Url = {https://www.w3.org/TR/rdf11-concepts/#rdf-documents},
    Year = {2014},
    volume   = {1.8 RDF Documents and Syntaxes},
   }
    
@article{JSON-LD,
	Author = {Sporny, M. and Longley, D. and Kellogg, G. and Lanthaler, M. and Lindström, N.},
	Month = {1},
	Number = {16},
	Title = {JSON-LD 1.0.},
	Url = {https://www.w3.org/TR/json-ld/},
	Year = {2014}
    }
    
@book{Heath+Bizer,
	Author = {Tom Heath and Christian Bizer}, 
    Publisher = {Morgan and Claypool},
    Title = {Linked Data: Evolving the Web into a Global Data Space. Synthesis Lectures on the Semantic Web: Theory and Technology}, 
    Edition = {1st edition},
    Year = {2011}
}

@article{OWL,
	author = {W3C OWL Working Group},
    Title = {OWL 2 Web Ontology Language },
    Edition = {2nd edition},
    Url = {https://www.w3.org/TR/owl2-overview/},
    Year = {2009}
}

@misc{uml,
    Title = {Unified modeling language},
    Url = {http://www.uml.org/}
}

@misc{rc-tree,
    Title = {rc-tree},
    Url = {https://github.com/react-component/tree}
}

@misc{Ant.Design,
	Author = {Ant Financial},
    Title = {TreeSelect},
    Url = {https://ant.design/components/tree-select/}
}

@misc{react-dropdown-tree-select,
	Author = {Dow Jones},
    Title = {react-dropdown-tree-select},
    Url = {https://github.com/dowjones/react-dropdown-tree-select}
}

@misc{react-select,
	Author = {Jed Watson},
    Title = {React-Select},
    Url = {https://github.com/JedWatson/react-select}
}

@misc{react-virtualized-select,
	Author = {Brian Vaughn},
    Title = {React-virtualized-select},
    Url = {https://github.com/bvaughn/react-virtualized-select/}
}

@misc{DC,
	Url = {http://dublincore.org},
    Title = {Dublin Core}
}

@misc{foaf,
	Url = {http://www.foaf-project.org},
    Title = {Friend of a Friend}
}

@misc{React,
	Title = {React},
	Url = {https://reactjs.org}
}

@misc{Redux,
	Title = {Redux},
	Url = {https://redux.js.org}
}

@misc{Flux,
	Title = {Flux},
	Url = {https://facebook.github.io/flux/}
}

@misc{bootstrap,
	Title = {Bootstrap},
    Url = {https://getbootstrap.com}
}

@misc{material_design,
	Title = {Material design},
    Url = {https://material.io}
}

@unpublished{rest,
	Author = {codecademy},
	Title = {REST},
    Url = {https://www.codecademy.com/articles/what-is-rest}
}

@unpublished{soap,
	Title = {Simple Object Access Protocol (SOAP) 1.1},
    Author = {Box D. and Ehnebuske D. and Kakivaya G. and Layman A. and Mendelsohn N. and Nielsen H. F. and Thatte S. and Winer D.},
    Year = {2000},
    Url = {https://www.w3.org/TR/soap/}
}

@misc{spotify_api,
	Title = {Spotify API},
    Url = {https://beta.developer.spotify.com/documentation/web-api/}
}

@unpublished{http,
	Title = {HTTP},
    Year = {2018},
    Author = {MDN group},
    Url = {https://developer.mozilla.org/en-US/docs/Web/HTTP}
}

@inbook{dfs,
	author	= "Thomas H. Cormen and Charles E. Leiserson and Ronald L. Rivest, and Clifford Stein",
	editor	= "edition",
	title	= "Introduction to Algorithms",
	chapter	= "22.3: Depth-first search",
	pages	= "pp. 540–549",
	publisher= " MIT Press and McGraw-Hill",
}

@misc{firebase
	Title = {Firebase database},
    Url = {https://firebase.google.com/docs/database/}
}

@unpublished{MVC,
	Author = {codecademy},
    Title = {Model view controller},
    Url = {https://www.codecademy.com/articles/mvc}
}